@misc{datasheet:rs274,
   title  = {RS274 interpreter},
   author = {https://ws680.nist.gov/publication/get\_pdf.cfm?pub\_id = 823374}
}
@misc{datasheet:powerstep01,
   author = {STMicroelectronics},
   title  = {System-in-package integrating microstepping controller and 10 A power MOSFETs}
}
@book{url:gnuplot,
   author = {http://www.gnuplot.info/},
   title  = {Herramienta portable para la generación de gráficos.}
}
@book{url:wolfcut,
   title  = {Fabricante de maquinas CNC},
   author = {https://wolfcut.es}
}
@book{ncurses,
   author = {Thomas Dickey},
   title  = {https://www.gnu.org/software/ncurses/},
},
